@article{gao2010,
  title={Topology optimization involving thermo-elastic stress loads},
  author={Gao, T. and Zhang, W.},
  journal={Structural and multidisciplinary optimization},
  volume={42},
  number={5},
  pages={725--738},
  year={2010},
  publisher={Springer}
}

@book{dekking2005,
  title={A modern introduction to probability and statistics: understanding why and how},
  author={Dekking, F.M. and Kraaikamp, C. and Lopuha{\"a}, H. P. and Meester, L. E.},
  year={2005},
  publisher={Springer Science \& Business Media}
}

@article{snyman1987,
  title={A multi-start global minimization algorithm with dynamic search trajectories},
  author={Snyman, J.A. and Fatti, L.P.},
  journal={Journal of optimization theory and applications},
  volume={54},
  number={1},
  pages={121--141},
  year={1987},
  publisher={Springer}
}

@article{zhang2014machining,
  title={Machining distortion minimization for the manufacturing of aeronautical structure},
  author={Zhang, Z. and Li, L. and Yang, Y. and He, N. and Zhao, W.},
  journal={The International Journal of Advanced Manufacturing Technology},
  volume={73},
  number={9-12},
  pages={1765--1773},
  year={2014},
  publisher={Springer}
}

@article{sigmund2001m,
  title={A 99 line topology optimization code written in Matlab},
  author={Sigmund, O.},
  journal={Structural and multidisciplinary optimization},
  volume={21},
  number={2},
  pages={120--127},
  year={2001},
  publisher={Springer}
}


@article{sigmund1998,
  title={Numerical instabilities in topology optimization: a survey on procedures dealing with checkerboards, mesh-dependencies and local minima},
  author={Sigmund, O. and Petersson, J.},
  journal={Structural and Multidisciplinary Optimization},
  volume={16},
  number={1},
  pages={68--75},
  year={1998},
  publisher={Springer}
}

@article{sim2010,
  title={Challenges of residual stress and part distortion in the civil airframe industry},
  author={Sim, W.M.},
  journal={International Journal of Microstructure and Materials Properties},
  volume={5},
  number={4-5},
  pages={446--455},
  year={2010},
  publisher={Inderscience Publishers}
}

@techreport{airbus1,
author={{K.K. Gadhamsetty and V.G. Araveti}},
title={{Machining Distortion Prediction --- Design Principles}},
NUMBER =        {{Airbus, Bangalore, India }},
MONTH =         {July},
YEAR  =         {2012}
}

@article{airbus2,
  title={An industrial workflow to minimise part distortion for machining of large monolithic components in aerospace industry},
  author={Chantzis, D. and Van der Veen, S. and Zettler, J. and Sim, WM},
  journal={Procedia CIRP},
  volume={8},
  pages={281--286},
  year={2013},
  publisher={Elsevier}
}



@techreport{yan1,
author={{Y. Janssens}},
title={{Stochastic simulation-based optimization of part geometry for reductive manufacturing of prestressed stock material}},
NUMBER =        {{TU Delft, Delft, The Netherlands}},
MONTH =         {July},
YEAR  =         {2017}
}

@article{cerutti2016,
  title={Methodology for aluminium part machining quality improvement considering mechanical properties and process conditions},
  author={Cerutti, X. and Mocellin, K. and Hassini, S. and Blaysat, B. and Duc, E.},
  journal={CIRP Journal of Manufacturing Science and Technology},
  year={2016},
  publisher={Elsevier}
}


@techreport{yan2,
author={{Y. Janssens}},
title={{Multiple step reductive machining and its influence on residual stress and distortion}},
NUMBER =        {{DPS, Toulouse, France}},
MONTH =         {August},
YEAR  =         {2017}
}

@techreport{d21,
author={{IK4-Lortek Research Alliance}},
title={{D2.1 -- Numerical models for machining distortion prediction}},
NUMBER =        {{DISTRACTION, JTI-CS2-2014-CFP01-AIR-02-07, 686808}},
MONTH =         {May},
YEAR  =         {2017}
}

@techreport{d31,
author={{IK4-Lortek Research Alliance}},
title={{Report on WP3 status}},
NUMBER =        {{DISTRACTION, JTI-CS2-2014-CFP01-AIR-02-07, 686808}},
MONTH =         {August},
YEAR  =         {2017}
}

@article{bourdin2001,
  title={Filters in topology optimization},
  author={Bourdin, B.},
  journal={International Journal for Numerical Methods in Engineering},
  volume={50},
  number={9},
  pages={2143--2158},
  year={2001},
  publisher={Wiley Online Library}
}

@article{groenwold2010conditional,
  title={On the conditional acceptance of iterates in SAO algorithms based on convex separable approximations},
  author={Groenwold, Albert A and Etman, LFP},
  journal={Structural and Multidisciplinary Optimization},
  volume={42},
  number={2},
  pages={165--178},
  year={2010},
  publisher={Springer}
}

@article{groenwold2009globally,
  title={Globally convergent optimization algorithm using conservative convex separable diagonal quadratic approximations},
  author={Groenwold, Albert A and Wood, Derren W and Etman, LFP and Tosserams, Simon},
  journal={AIAA journal},
  volume={47},
  number={11},
  pages={2649},
  year={2009}
}
@article{groenwold2010quadratic,
  title={A quadratic approximation for structural topology optimization},
  author={Groenwold, Albert A and Etman, LFP},
  journal={International Journal for Numerical Methods in Engineering},
  volume={82},
  number={4},
  pages={505--524},
  year={2010},
  publisher={Wiley Online Library}
}

@article{osqp,
  author  = {Stellato, B. and Banjac, G. and Goulart, P. and Bemporad, A. and Boyd, S.},
  title   = {{OSQP}: an operator splitting solver for quadratic programs},
  journal = {Mathematical Programming Computation},
  year    = {2020},
  volume  = {12},
  number  = {4},
  pages   = {637--672},
  doi     = {10.1007/s12532-020-00179-2},
  url     = {https://doi.org/10.1007/s12532-020-00179-2},
}

@misc{munro2022,
  title = {{An interpretation of Bayesian global optimization as proposed by Snyman and Fatti}},
  howpublished = {\url{https://github.com/dirkmunro89/SOAPs/blob/main/bayopt/bay_20220104.pdf}},
  note = {Accessed: 2022-02-27}
}


@article{groenwold2010approximated,
  title={Approximated approximations for {SAO}},
  author={Groenwold, A.A. and Etman, L.F.P. and Wood, D.W.},
  journal={Structural and Multidisciplinary Optimization},
  volume={41},
  number={1},
  pages={39--56},
  year={2010},
  publisher={Springer}
}


@book{mura1982,
  title={Micromechanics of defects in solids},
  author={Mura, T.},
  year={1982},
  publisher={Martinus Nijhoff Publishers},
  address = {Dordrecht, The Netherlands}
}
@article{keulen2005,
  title={Review of options for structural design sensitivity analysis. {Part 1: Linear systems}},
  author={Van Keulen, F. and Haftka, R.T. and Kim, N.H.},
  journal={Computer methods in applied mechanics and engineering},
  volume={194},
  number={30},
  pages={3213--3243},
  year={2005},
  publisher={Elsevier}
}

@article{munro2017local,
  title={Local stress-constrained and slope-constrained SAND topology optimisation},
  author={Munro, D. and Groenwold, A.A.},
  journal={International journal for numerical methods in engineering},
  volume={110},
  number={5},
  pages={420--439},
  year={2017},
  publisher={Wiley Online Library}
}

@inproceedings{munro2017singular,
  author={Munro, D. and Groenwold, A.A.},
  title={Singular, large-scale solutions in local stress-constrained topology optimization},
  booktitle	= {12th World Congress on Structural and Multidisciplinary
		  Optimisation},
  address	= {Braunschweig, Germany},
  month		= {June},
  year		= {2017},
  organization	= {WCSMO}
}




@Misc{keulenreader,
title = {Continuum mechanics},
author = {van Keulen, F.},
note = {Reader for 2nd year Bachelors, TU Delft, 2017}
}
@article{zuo2006,
  title={Manufacturing-and machining-based topology optimization},
  author={Zuo, K-T. and Chen, L-P. and Zhang, Y-Q. and Yang, J.},
  journal={The international journal of advanced manufacturing technology},
  volume={27},
  number={5},
  pages={531--536},
  year={2006},
  publisher={Springer}
}

@book{popper,
  title={Conjectures and refutations: The growth of scientific knowledge},
  author={Popper, Karl},
  year={1962},
  publisher={Basic Books}
}



@article{rodrigues1995,
  title={A material based model for topology optimization of thermoelastic structures},
  author={Rodrigues, H. and Fernandes, P.},
  journal={International Journal for Numerical Methods in Engineering},
  volume={38},
  number={12},
  pages={1951--1965},
  year={1995},
  publisher={Wiley Online Library}
}

@techreport{prager1971,
  title={Optimality criteria in structural design},
  author={Prager, W.},
  year={1971},
  institution={Advisory group for Aerospace Research and Development, Paris, France}
}

@article{munro2017sequential,
  title={On sequential approximate simultaneous analysis and design in classical topology optimization},
  author={Munro, D. and Groenwold, A.A.},
  journal={International Journal for Numerical Methods in Engineering},
  volume={110},
  number={3},
  pages={227--247},
  year={2017},
  publisher={Wiley Online Library}
}

@article{munro2017design,
  title={On design-set restriction in SAND topology optimization},
  author={Munro, D. and Groenwold, A.A.},
  journal={Structural and Multidisciplinary Optimization},
  pages={1--14},
  year={2017},
  publisher={Springer}
}

@article{munro2018design,
  title={On design-set restriction in SAND topology optimization},
  author={Munro, D. and Groenwold, A.A.},
  journal={Structural and Multidisciplinary Optimization},
  volume={57},
  number={4},
  pages={1579--1592},
  year={2018},
  publisher={Springer}
}

###

@article{alvarez2016,
  title={Computationally efficient distortion prediction in Powder Bed Fusion Additive Manufacturing},
  author={Alvarez, Pedro and Ecenarro, Joseba and Setien, I{\~n}aki and San Sebastian, Maria and Echeverria, Alberto and Eciolaza, Luka},
   journal={Internation Journal of Negineering Research \& Science},
  volume={2},
  year={2016},
  publisher={{AD} {P}ublications}
}
@Misc{econprint_1,
  title		= {2017. \emph{{3D} printers start to build factories of the future} [{O}nline]},
      author	= {{The Economist}},
  howpublished	= {Available:
		  \url{https://www.economist.com/news/briefing/21724368-recent-advances-make-3d-printing-powerful-competitor-conventional-mass-production-3d}}
		  ,
  note		= {[2017, June 29].}
}


@Misc{econprint_2,
  title		= {2017. \emph{{3D} printing transforms the economics of manufacturing} [{O}nline]},
      author	= {{The Economist}},
  howpublished	= {Available:
		  \url{https://www.economist.com/news/briefing/21724369-additive-manufacturing-abandons-economies-scale-3d-printing-transforms-economics}}
		  ,
  note		= {[2017, July 1].}
}
@article{mourtzis2014,
  title={Simulation in manufacturing: {R}eview and challenges},
  author={Mourtzis, D and Doukas, M and Bernidaki, D},
  journal={Procedia CIRP},
  volume={25},
  pages={213--229},
  year={2014},
  publisher={Elsevier}
}
@article{jun20101,
  title={Evaluation of residual stresses and strains using the eigenstrain reconstruction method},
  author={Jun, Tea-Sung and Korsunsky, Alexander M},
  journal={International Journal of Solids and Structures},
  volume={47},
  number={13},
  pages={1678--1686},
  year={2010},
  publisher={Elsevier}
}
@article{jun20102,
  title={Eigenstrain reconstruction method in linear friction welded aluminium alloy and {MMC} plates},
  author={Jun, Tea-Sung and Korsunsky, Alexander M},
  journal={International Journal for Numerical Methods in Engineering},
  volume={84},
  number={8},
  pages={989--1008},
  year={2010},
  publisher={Wiley Online Library}
}
@article{korsunsky2009,
  title={Eigenstrain analysis of residual strains and stresses},
  author={Korsunsky, AM},
  journal={The Journal of Strain Analysis for Engineering Design},
  volume={44},
  number={1},
  pages={29--43},
  year={2009},
  publisher={SAGE Publications Sage UK: London, England}
}

@article{korsunsky2007,
  title={Variational eigenstrain analysis of residual stresses in a welded plate},
  author={Korsunsky, Alexander M and Regino, Gabriel M and Nowell, David},
  journal={International Journal of Solids and Structures},
  volume={44},
  number={13},
  pages={4574--4591},
  year={2007},
  publisher={Elsevier}
}

@Misc{abaq,
  title		= {{Version 6.14}},
    author	= {{Abaqus Documentation}},
  howpublished	= {Dassault Systemes},
  note		= {2015}
}
@Misc{calc,
  title		= {{Version 2.12}},
    author	= {{Calculix Documentation}},
  howpublished	= {Guido Dhondt and Klaus Wittig},
  note		= {2017}
}

@Misc{econprint_3,
  title		= {2017. \emph{{3D} printers will change manufacturing} [{O}nline]},
    author	= {{The Economist}},
  howpublished	= {Available:
		  \url{https://www.economist.com/news/leaders/21724397-sceptics-doubt-technology-can-be-used-mass-production-just-wait-3d-printers-will-change}}
		  ,
  note		= {[2017, June 29].}
}

@inproceedings{san2017,
  title={{SLM} (Near)-Net-Shape Part Design Optimization Based on Numerical Prediction of Process Induced Distortions},
  author={San Sebastian, Maria and Setien, I{\~n}aki and Mancisidor, Ane Miren and Echeverria, Alberto},
  booktitle={TMS 2017 146th Annual Meeting \& Exhibition Supplemental Proceedings},
  pages={117--126},
  year={2017},
  organization={Springer}
}


@Misc{munro2016contemplation,
  title	= {2016. \emph{A contemplation on topology optimization} [{O}nline]},
  author	= {Munro, D.},
  howpublished	= {Available: \url{http://www.digitaleng.news/de/a-contemplation-on-topology-optimization/}},
  note = {[2017, July 31].}
}
@article{li2015,
  title={Fast prediction and validation of part distortion in selective laser melting},
  author={Li, C and Fu, CH and Guo, YB and Fang, FZ},
  journal={Procedia Manufacturing},
  volume={1},
  pages={355--365},
  year={2015},
  publisher={Elsevier}
}
@Misc{simpson2017,
  title		= {2017. \emph{Easing into AM} [{O}nline]},
  author	= {Simpson, T.W.},
  howpublished	= {Available:
		  \url{http://www.mmsonline.com/columns/easing-into-am}}
		  ,
  note		= {[2017, July 17].}
}

@article{gao2015,
  title={The status, challenges, and future of additive manufacturing in engineering},
  author={Gao, Wei and Zhang, Yunbo and Ramanujan, Devarajan and Ramani, Karthik and Chen, Yong and Williams, Christopher B and Wang, Charlie CL and Shin, Yung C and Zhang, Song and Zavattieri, Pablo D},
  journal={Computer-Aided Design},
  volume={69},
  pages={65--89},
  year={2015},
  publisher={Elsevier}
}
@article{huang2015,
  title={Additive manufacturing: {C}urrent state, future potential, gaps and needs, and recommendations},
  author={Huang, Yong and Leu, Ming C and Mazumder, Jyoti and Donmez, Alkan},
  journal={Journal of Manufacturing Science and Engineering},
  volume={137},
  number={1},
  pages={014001},
  year={2015},
  publisher={American Society of Mechanical Engineers}
}
@article{yadroitsev2010,
  title={Selective laser melting technology: from the single laser melted track stability to {3D} parts of complex shape},
  author={Yadroitsev, I and Smurov, I},
  journal={Physics Procedia},
  volume={5},
  pages={551--560},
  year={2010},
  publisher={Elsevier}
}
@article{amano2011,
  title={Laser engineered net shaping process for {SAE} 4140 low alloy steel},
  author={Amano, RS and Rohatgi, PK},
  journal={Materials Science and Engineering: {A}},
  volume={528},
  number={22},
  pages={6680--6693},
  year={2011},
  publisher={Elsevier}
}
%@article{amano2011_2,
 % title={Laser engineered net shaping process for SAE 4140 low alloy steel},
%  author={Amano, RS and Rohatgi, PK},
 % journal={Materials Science and Engineering: A},
 % volume={528},
 % number={22},
%  pages={6680--6693},
%  year={2011},
 % publisher={Elsevier}
%}

@article{gu2015,
  title={Selective laser melting additive manufacturing of novel aluminum based composites with multiple reinforcing phases},
  author={Gu, Dongdong and Chang, Fei and Dai, Donghua},
  journal={Journal of Manufacturing Science and Engineering},
  volume={137},
  number={2},
  pages={021010},
  year={2015},
  publisher={American Society of Mechanical Engineers}
}


@article{nickel2001,
  title={Thermal stresses and deposition patterns in layered manufacturing},
  author={Nickel, AH and Barnett, DM and Prinz, FB},
  journal={Materials Science and Engineering: {A}},
  volume={317},
  number={1},
  pages={59--64},
  year={2001},
  publisher={Elsevier}
}
@article{ghosh2005,
  title={Three-dimensional transient finite element analysis for residual stresses in the laser aided direct metal/material deposition process},
  author={Ghosh, S and Choi, J},
  journal={Journal of Laser Applications},
  volume={17},
  number={3},
  pages={144--158},
  year={2005},
  publisher={LIA}
}
@article{denlinger2014,
  title={Thermomechanical modeling of additive manufacturing large parts},
  author={Denlinger, Erik R and Irwin, Jeff and Michaleris, Pan},
  journal={Journal of Manufacturing Science and Engineering},
  volume={136},
  number={6},
  pages={061007},
  year={2014},
  publisher={American Society of Mechanical Engineers}
}
@article{heigel2015,
  title={Thermo-mechanical model development and validation of directed energy deposition additive manufacturing of {Ti--6Al--4V}},
  author={Heigel, JC and Michaleris, P and Reutzel, EW},
  journal={Additive manufacturing},
  volume={5},
  pages={9--19},
  year={2015},
  publisher={Elsevier}
}
@article{kruth2012,
  title={Assessing and comparing influencing factors of residual stresses in selective laser melting using a novel analysis method},
  author={Kruth, Jean-Pierre and Deckers, Jan and Yasa, Evren and Wauthl{\'e}, Ruben},
  journal={Proceedings of the institution of mechanical engineers, {Part B}: Journal of Engineering Manufacture},
  volume={226},
  number={6},
  pages={980--991},
  year={2012},
  publisher={Sage Publications Sage UK: London, England}
}
@article{langelaar2016topology,
  title={Topology optimization of {3D} self-supporting structures for additive manufacturing},
  author={Langelaar, M.},
  journal={Additive Manufacturing},
  volume={12},
  pages={60--70},
  year={2016},
  publisher={Elsevier}
}
@article{lober2013,
  title={Comparison of different post processing technologies for {SLM} generated 316l steel parts},
  author={L{\"o}ber, Lukas and Flache, Christoph and Petters, Romy and K{\"u}hn, Uta and Eckert, J{\"u}rgen},
  journal={Rapid Prototyping Journal},
  volume={19},
  number={3},
  pages={173--179},
  year={2013},
  publisher={Emerald Group Publishing Limited}
}
@article{tradowsky2016,
  title={Selective laser melting of {AlSi10Mg}: Influence of post-processing on the microstructural and tensile properties development},
  author={Tradowsky, U and White, J and Ward, RM and Read, N and Reimers, W and Attallah, MM},
  journal={Materials \& Design},
  volume={105},
  pages={212--222},
  year={2016},
  publisher={Elsevier}
}
@article{witherell2014,
  title={Toward metamodels for composable and reusable additive manufacturing process models},
  author={Witherell, Paul and Feng, Shaw and Simpson, Timothy W and Saint John, David B and Michaleris, Pan and Liu, Zi-Kui and Chen, Long-Qing and Martukanitz, Rich},
  journal={Journal of Manufacturing Science and Engineering},
  volume={136},
  number={6},
  pages={061025},
  year={2014},
  publisher={American Society of Mechanical Engineers}
}
@inproceedings{clijsters2012,
  title={A priori process parameter adjustment for {SLM} process optimization},
  author={Clijsters, Stijn and Craeghs, Tom and Kruth, Jean-Pierre},
  booktitle={Innovative developments on virtual and physical prototyping},
  pages={553--560},
  year={2012},
  organization={Taylor \& Francis Group.}
}
@article{gong2014,
  title={Analysis of defect generation in {Ti--6Al--4V} parts made using powder bed fusion additive manufacturing processes},
  author={Gong, Haijun and Rafi, Khalid and Gu, Hengfeng and Starr, Thomas and Stucker, Brent},
  journal={Additive Manufacturing},
  volume={1},
  pages={87--98},
  year={2014},
  publisher={Elsevier}
}
@inproceedings{klingbeil1998,
  title={Measurement and modeling of residual stress-induced warping in direct metal deposition processes},
  author={Klingbeil, NW and Beuth, JL and Chin, RK and Amon, CH},
    booktitle={Solid Freeform Fabrication Symposium},
  year={1998}
}
@inproceedings{neugebauer2014,
  title={Multi Scale {FEM} simulation for distortion calculation in additive manufacturing of hardening stainless steel},
  author={Neugebauer, F and Keller, N and Ploshikhin, V and Koehler, H},
    booktitle={International Workshop on Thermal Forming in welding distortion, IWOTE 14},
     address   = {Bremin, Germany},
  year={2014}
}
@article{atzeni2012,
  title={Economics of additive manufacturing for end-usable metal parts},
  author={Atzeni, Eleonora and Salmi, Alessandro},
  journal={The International Journal of Advanced Manufacturing Technology},
  volume={62},
  number={9},
  pages={1147--1155},
  year={2012},
  publisher={Springer}
}
@inproceedings{dai2001,
  title={Thermal and Stress Modeling of Laser Fabrication of Multiple Material Components},
  author={Dai, K and Shaw, L},
  booktitle={Solid Freeform Fabrication Symposium},
  year={2001}
}

@article{crocker1998,
  title={Using SALDVI and SALD with multi-material structures},
  author={Crocker, James E and Harrison, Shay and Sun, Lianchao and Shaw, Leon L and Marcus, Harris L},
  journal={JOM},
  volume={50},
  number={12},
  pages={21},
  year={1998},
  publisher={Springer Science \& Business Media}
}
@article{desmaison2014,
  title={A level set approach for the simulation of the multipass hybrid laser/{GMA} welding process},
  author={Desmaison, Olivier and Bellet, Michel and Guillemot, Gildas},
  journal={Computational Materials Science},
  volume={91},
  pages={240--250},
  year={2014},
  publisher={Elsevier}
}
@article{baufeld2010,
  title={Additive manufacturing of {Ti--6Al--4V} components by shaped metal deposition: microstructure and mechanical properties},
  author={Baufeld, Bernd and Van der Biest, Omer and Gault, Rosemary},
  journal={Materials \& Design},
  volume={31},
  pages={S106--S111},
  year={2010},
  publisher={Elsevier}
}

@article{bruckner2007,
  title={Modeling the influence of process parameters and additional heat sources on residual stresses in laser cladding},
  author={Br{\"u}ckner, F and Lepski, D and Beyer, E},
  journal={Journal of thermal spray technology},
  volume={16},
  number={3},
  pages={355--373},
  year={2007},
  publisher={Springer}
}
@article{safronov2
017,
  title={Distortions and Residual Stresses at Layer-by-Layer Additive Manufacturing by Fusion},
  author={Safronov, VA and Khmyrov, RS and Kotoban, DV and Gusarov, AV},
  journal={Journal of Manufacturing Science and Engineering},
  volume={139},
  number={3},
  pages={031017},
  year={2017},
  publisher={American Society of Mechanical Engineers}
}
@article{lindgren2001,
  title={Finite element modeling and simulation of welding. {Part 3}: efficiency and integration},
  author={Lindgren, Lars-Erik},
  journal={Journal of thermal stresses},
  volume={24},
  number={4},
  pages={305--334},
  year={2001},
  publisher={Taylor \& Francis}
}

@inproceedings{agarwala1996,
author = {Agarwala, M. K. },
title = {Fused deposition of ceramics and metals: an overview},
booktitle = {7th Solid Freeform Fabrication Symposium},
address   = {Austin, Texas, U.S.A.},
year      = {1996}
}


@article{dai2002,
  title={Distortion minimization of laser-processed components through control of laser scanning patterns},
  author={Dai, K and Shaw, L},
  journal={Rapid Prototyping Journal},
  volume={8},
  number={5},
  pages={270--276},
  year={2002},
  publisher={MCB UP Ltd}
}





%Kruth et al.
@article{kruth2004,
  title={Selective laser melting of iron-based powder},
  author={Kruth, Jean-Pierre and Froyen, Ludo and Van Vaerenbergh, Jonas and Mercelis, Peter and Rombouts, Marleen and Lauwers, Bert},
  journal={Journal of Materials Processing Technology},
  volume={149},
  number={1},
  pages={616--622},
  year={2004},
  publisher={Elsevier}
}
@article{kruth2006,
  title={Residual stresses in selective laser sintering and selective laser melting},
  author={Mercelis, Peter and Kruth, Jean-Pierre},
  journal={Rapid Prototyping Journal},
  volume={12},
  number={5},
  pages={254--265},
  year={2006},
  publisher={Emerald Group Publishing Limited}
}
@article{kahlen2001,
  title={Residual stresses in laser-deposited metal parts},
  author={Kahlen, Franz-Josef and Kar, Aravinda},
  journal={Journal of Laser Applications},
  volume={13},
  number={2},
  pages={60--69},
  year={2001},
  publisher={LIA}
}
@article{seok1999,
  title={Investigation of welding residual stress of high tensile steel by finite element method and experiment},
  author={Seok, Chang-Sung and Suh, Myung-Won and Park, Ji-Hong},
  journal={KSME International Journal},
  volume={13},
  number={12},
  pages={879--885},
  year={1999},
  publisher={Springer}
}
@article{cho2004,
  title={Investigation of residual stress and post weld heat treatment of multi-pass welds by finite element method and experiments},
  author={Cho, JR and Lee, BY and Moon, YH and Van Tyne, CJ},
  journal={Journal of Materials Processing Technology},
  volume={155},
  pages={1690--1695},
  year={2004},
  publisher={Elsevier}
}
@article{mughal2005,
  title={Deformation modelling in layered manufacturing of metallic parts using gas metal arc welding: effect of process parameters},
  author={Mughal, MP and Fawad, H and Mufti, RA and Siddique, M},
  journal={Modelling and Simulation in Materials Science and Engineering},
  volume={13},
  number={7},
  pages={1187},
  year={2005},
  publisher={IOP Publishing}
}



%




@inproceedings{zeng2014,
author = {Zeng, K. and Teng, C. and Xu, S. and Sublette, T. and Patil, N. and Pal, D. and Stucker, B.},
title = {A Comparison of the computational speed of {3DSIM} versus {ANSYS} Finite element Analyses for simulation of thermal history in metal laser sintering},
booktitle = {25th Solid Freeform Fabrication Symposium},
address   = {Austin, Texas, U.S.A.},
year      = {2014}
}
@article{zeng2015,
  title={Comparison of {3DSIM} thermal modelling of selective laser melting using new dynamic meshing method to ANSYS},
  author={Zeng, K and Pal, D and Gong, HJ and Patil, N and Stucker, B},
  journal={Materials Science and Technology},
  volume={31},
  number={8},
  pages={945--956},
  year={2015},
  publisher={Taylor \& Francis}
}

@article{yang2017,
  title={A Semi-analytical thermal modelling approach for selective laser melting},
  author={Yang, Y and Knol, M F and van Keulen, F and Ayas, C},
  journal={Additive manufacturing; submitted},
 % volume={91},
 % pages={240--250},
  year={2017},
 % note={submitted},
  publisher={Elsevier}
}

@article{desmaison2014,
  title={A level set approach for the simulation of the multipass hybrid laser/GMA welding process},
  author={Desmaison, Olivier and Bellet, Michel and Guillemot, Gildas},
  journal={Computational Materials Science},
  volume={91},
  pages={240--250},
  year={2014},
  publisher={Elsevier}
}


@article{safronov2017,
  title={Distortions and Residual Stresses at Layer-by-Layer Additive Manufacturing by Fusion},
  author={Safronov, VA and Khmyrov, RS and Kotoban, DV and Gusarov, AV},
  journal={Journal of Manufacturing Science and Engineering},
  volume={139},
  number={3},
  pages={031017},
  year={2017},
  publisher={American Society of Mechanical Engineers}
}
@article{zaeh2010,
  title={Investigations on residual stresses and deformations in selective laser melting},
  author={Zaeh, Michael F and Branner, Gregor},
  journal={Production Engineering},
  volume={4},
  number={1},
  pages={35--45},
  year={2010},
  publisher={Springer}
}


@misc{astm,
  title		= {{ASTM Committee f42 on Additive Manufacturing Technologies.}}},
  howpublished	= {[S.a.]. [Online]. Available:
		  \url{https://www.astm.org/COMMITTEE/F42.htm}},
  year		= {2017.}
}
@book{gibson2010,
  title={Additive manufacturing technologies},
  author={Gibson, Ian and Rosen, David W and Stucker, Brent and others},
  volume={238},
  year={2010},
  publisher={Springer}
}







@article{papadakis2014,
  title={Numerical computation of component shape distortion manufactured by selective laser melting},
  author={Papadakis, L and Loizou, A and Risse, J and Schrage, J},
  journal={Procedia CIRP},
  volume={18},
  pages={90--95},
  year={2014},
  publisher={Elsevier}
}




@article{pajot2006,
  title={Design of patterned multilayer films with eigenstrains by topology optimization},
  author={Pajot, Joseph M and Maute, Kurt and Zhang, Yanhang and Dunn, Martin L},
  journal={International journal of solids and structures},
  volume={43},
  number={6},
  pages={1832--1853},
  year={2006},
  publisher={Elsevier}
}

@article{ploshikhin2010,
  title={Advanced numerical method for fast prediction of welding distortions of large aircraft structures},
  author={Ploshikhin, V and Prihodovsky, A and Ilin, A and Heimerdinger, C},
  journal={International Journal of Microstructure and Materials Properties},
  volume={5},
  number={4-5},
  pages={423--435},
  year={2010},
  publisher={Inderscience Publishers}
}






@article{megahed2016,
  title={Metal additive-manufacturing process and residual stress modeling},
  author={Megahed, M. and Mindt, H-W. and N’Dri, N. and Duan, H. and Desmaison, O.},
  journal={Integrating Materials and Manufacturing Innovation},
  volume={5},
  number={1},
  pages={1--33},
  year={2016},
  publisher={Springer}
}
@article{mukherjee2017,
  title={An improved prediction of residual stresses and distortion in additive manufacturing},
  author={Mukherjee, T and Zhang, W and DebRoy, T},
  journal={Computational Materials Science},
  volume={126},
  pages={360--372},
  year={2017},
  publisher={Elsevier}
}


@article{duysinx1998,
  title={Topology optimization of continuum structures with local stress constraints},
  author={Duysinx, P. and Bends{\o}e, M.P.},
  journal={International journal for numerical methods in engineering},
  volume={43},
  number={8},
  pages={1453--1478},
  year={1998},
  publisher={Wiley Online Library}
}

@book{haftka1990,
  title= {Elements of structural optimization},
  author = {Haftka, R.T. and G\"{u}rdal, Z. and Kamat, M.P.},
  year = {1990},
  publisher = {Kluwer Academic Publishers},
  address = {Dordrecht, The Netherlands}
}
@Book{bendsoe2003,
  author =   {Bends{\o}e, M.P. and Sigmund, O. },
  title =    {Topology optimization: {Theory, methods and applications}},
  publisher =    {Springer-Verlag},
  year =     {2003},
  address =      {Berlin, Germany}
}
@article{bendsoe1989,
  title={Optimal shape design as a material distribution problem},
  author={Bends{\o}e, M.P.},
  journal={Structural optimization},
  volume={1},
  number={4},
  pages={193--202},
  year={1989},
  publisher={Springer}
}
@article{denlinger2015,
  title={Residual stress and distortion modeling of electron beam direct manufacturing {Ti-6Al-4V}},
  author={Denlinger, Erik R and Heigel, Jarred C and Michaleris, Panagiotis},
  journal={Proceedings of the Institution of Mechanical Engineers, {Part B}: Journal of Engineering Manufacture},
  volume={229},
  number={10},
  pages={1803--1813},
  year={2015},
  publisher={SAGE Publications Sage UK: London, England}
}


@inproceedings{keller2014,
author = {Keller, N. and Ploshikhin, V.},
title = {New method for fast predictions of residual stress and distortion of {AM} parts},
booktitle = {25th Solid Freeform Fabrication Symposium},
address   = {Austin, Texas, U.S.A.},
month     = {August},
year      = {2014}
}
@article{chen2001,
  title={Topology optimization with design-dependent loads},
  author={Chen, Bing-Chung and Kikuchi, Noboru},
  journal={Finite Elements in Analysis and Design},
  volume={37},
  number={1},
  pages={57--70},
  year={2001},
  publisher={Elsevier}
}
@incollection{gibson2015,

  title={Directed Energy Deposition Processes},

  author={Gibson, Ian and Rosen, David and Stucker, Brent},

  booktitle={Additive Manufacturing Technologies},

  pages={245--268},

  year={2015},

  publisher={Springer}

}



